@online{classroomInformaticaII ,
    author = "Augusto Enrique Salazar",
    title = "Parcial 1 - Calistenia",
    url  = "https://classroom.google.com/u/0/c/MjcyNjk0ODU0NzM1/a/MjcyOTY1Nzk3NDcx/details",
    addendum = "(accessed: 04.03.2021)",
    keywords = "latex,knuth"

}
